<?xml version="1.0" encoding="UTF-8"?><record xmlns="http://www.loc.gov/MARC21/slim" xmlns:cinclude="http://apache.org/cocoon/include/1.0" xmlns:zs="http://www.loc.gov/zing/srw/">
  <leader>00474nz  a2200145n  4500</leader>
  <controlfield tag="001">no2002100741</controlfield>
  <controlfield tag="003">DLC</controlfield>
  <controlfield tag="005">20021105053636.0</controlfield>
  <controlfield tag="008">021104n| acannaabn          |n aaa     c</controlfield>
  <datafield tag="010" ind1=" " ind2=" ">
    <subfield code="a">no2002100741</subfield>
  </datafield>
  <datafield tag="035" ind1=" " ind2=" ">
    <subfield code="a">(OCoLC)oca05904499</subfield>
  </datafield>
  <datafield tag="040" ind1=" " ind2=" ">
    <subfield code="a">OkS</subfield>
    <subfield code="b">eng</subfield>
    <subfield code="c">OkS</subfield>
  </datafield>
  <datafield tag="100" ind1="1" ind2=" ">
    <subfield code="a">Lepley, William H.</subfield>
  </datafield>
  <datafield tag="670" ind1=" " ind2=" ">
    <subfield code="a">Study guide for use with Financial markets and institutions, c2001:</subfield>
    <subfield code="b">t.p. (William Lepley)</subfield>
  </datafield>
  <datafield tag="670" ind1=" " ind2=" ">
    <subfield code="a">OCLC, Nov. 4, 2002</subfield>
    <subfield code="b">(hdg.: Lepley, William, H.; usage William H. Lepley)</subfield>
  </datafield>
</record>